@article{farokhzad2009impact,
  title={Impact of nanotechnology on drug delivery},
  author={Farokhzad, Omid C and Langer, Robert},
  journal={ACS nano},
  volume={3},
  number={1},
  pages={16--20},
  year={2009},
  publisher={ACS Publications}
}
